<record xmlns="http://www.loc.gov/MARC21/slim" xmlns:xsi="http://www.w3.org/2001/XMLSchema-instance" xsi:schemaLocation="http://www.loc.gov/MARC21/slim http://www.loc.gov/standards/marcxml/schema/MARC21slim.xsd"><leader>00543nz   2200157n  4500</leader><controlfield tag="001">oca01549623 </controlfield><controlfield tag="005">19860408070156.8</controlfield><controlfield tag="008">860305n| acannaab|          |a aaa |||  </controlfield><datafield ind1=" " ind2=" " tag="010"><subfield code="a">n  85326844 </subfield></datafield><datafield ind1=" " ind2=" " tag="040"><subfield code="a">DLC</subfield><subfield code="c">DLC</subfield></datafield><datafield ind1="0" ind2=" " tag="100"><subfield code="a">Dionysius,</subfield><subfield code="c">the Younger.</subfield></datafield><datafield ind1="0" ind2=" " tag="400"><subfield code="a">Dionysius</subfield><subfield code="b">II,</subfield><subfield code="c">the Younger</subfield></datafield><datafield ind1="0" ind2=" " tag="400"><subfield code="a">Dionisio</subfield><subfield code="b">II,</subfield><subfield code="c">the Younger</subfield></datafield><datafield ind1=" " ind2=" " tag="670"><subfield code="a">Lettere ai tiranni di Sicilia, c1985:</subfield><subfield code="b">p. 19 (Dionisio II)</subfield></datafield><datafield ind1=" " ind2=" " tag="670"><subfield code="a">Encycl. Brit.</subfield><subfield code="b">(Dionysius the Younger, ruler of Syracuse)</subfield></datafield><datafield ind1=" " ind2=" " tag="670"><subfield code="a">Oxford class. dict.</subfield><subfield code="b">(Dionysius II, eldest son of Dionysius I)</subfield></datafield><datafield ind1=" " ind2=" " tag="670"><subfield code="a">Anthologia Lyrica</subfield><subfield code="b">(Dionysius Minor)</subfield></datafield></record>